<record><leader>00000cas a22000007a 4500</leader><controlfield tag="001">14918635</controlfield><controlfield tag="008">861203d18941978txuwr ne      0    0eng d</controlfield><datafield ind1=" " ind2=" " tag="010"><subfield code="a">sn 86090307 </subfield></datafield><datafield ind1=" " ind2=" " tag="040"><subfield code="a">PPM</subfield><subfield code="b">eng</subfield><subfield code="c">PPM</subfield><subfield code="d">OCLCQ</subfield></datafield><datafield ind1=" " ind2=" " tag="042"><subfield code="a">msc</subfield></datafield><datafield ind1="0" ind2="4" tag="245"><subfield code="a">The Troupe banner.</subfield></datafield><datafield ind1="1" ind2="3" tag="246"><subfield code="a">Banner</subfield></datafield><datafield ind1="3" ind2="0" tag="246"><subfield code="a">Troup banner,</subfield><subfield code="f">Nov. 11, 1909-</subfield></datafield><datafield ind1=" " ind2=" " tag="260"><subfield code="a">Troupe [i.e. Troup], Tex. :</subfield><subfield code="b">Whitley &amp; Edwards</subfield></datafield><datafield ind1=" " ind2=" " tag="300"><subfield code="a">v. :</subfield><subfield code="b">ill.</subfield></datafield><datafield ind1=" " ind2=" " tag="310"><subfield code="a">Weekly</subfield></datafield><datafield ind1="1" ind2=" " tag="362"><subfield code="a">Began in 1894; ceased in 1978.</subfield></datafield><datafield ind1=" " ind2=" " tag="500"><subfield code="a">Title changes to: Troup banner, on Nov. 11, 1909, to conform with town name change.</subfield></datafield><datafield ind1=" " ind2=" " tag="525"><subfield code="a">Includes occasional supplements.</subfield></datafield><datafield ind1=" " ind2=" " tag="588"><subfield code="a">Description based on: Vol. 10, no. 11 (Sept. 4, 1903).</subfield></datafield><datafield ind1=" " ind2=" " tag="752"><subfield code="a">United States</subfield><subfield code="b">Texas</subfield><subfield code="c">Smith</subfield><subfield code="d">Troup.</subfield></datafield><datafield ind1=" " ind2=" " tag="752"><subfield code="a">United States</subfield><subfield code="b">Texas</subfield><subfield code="c">Smith</subfield><subfield code="d">Troupe.</subfield></datafield><datafield ind1="0" ind2="0" tag="785"><subfield code="t">Times-banner</subfield></datafield></record>